@misc{EDGE,
author={NASA},
title={Enhanced Graphics Tools for Advanced 3D Simulations},
url={http://www.nasa.gov/centers/johnson/techtransfer/technology/MSC-24663-1-doug-edge.html},
year={2015}
}

@misc{opencv,
author={Opencv.org},
title={OpenCV},
url={http://opencv.org},
year={2015}
}

@misc{cw_eqs,
author={Ocampo},
title={Clohessy-Wiltshire equations},
publisher={University of Texas at Austin},
url={http://courses.ae.utexas.edu/ase366k/cw_equations.pdf},
year={2015}
}
