@misc{MiniAercam,
  author={NASA},
   title = {{NASA} {J}ohnson {S}pace {C}enter's {M}iniature {A}utonomous {E}xtravehicular {R}obotic {C}amera ({M}ini {AERC}am)},
   publisher = {National Aeronautics and Space Administration: Mini AERCam },
   number = {01/19/2015},
   url = {aercam.jsc.nasa.gov_aercam.pdf},
   year = {2002},
   type = {Web Page}
}

@inproceedings{dist,
   author = {Alvar Saenz-Otero and Georges Aoude and Matthew M. Jefrey and Swati Mohan and Amer Fejzic and Jacob Katz and Christine Edwards and David W. Miller},
   title = {Distributed Satellite Systems Algorithm Maturation with {SPHERES} Aboard the {ISS}},
   booktitle = {Proceedings of the 59th IAC (International Astronautical Congress)},
   url = {http://ssl.mit.edu/spheres/library/SPHERES_IAC2008.pdf},
   year = {2008},
   type = {Conference Proceedings}
}

@misc{virt_sim,
   author = {Andres F. Velasquez and Giacomo Marani and Thomas Evans and Marcello R. Napolitano and John A. Christian and Gianfranco Doretto},
   title = {Virtual Simulator for Testing a Vision Based Pose Estimation System for Autonomous Capture of Satellites with Interface Rings},
   pages = {1597-1602},
   month = {2013},
   DOI = {10.1109/MED.2013.6608935},
   url = {http://www.csee.wvu.edu/~gidoretto/publications/velasquezMENCD13med.pdf},
   year = {2013},
   type = {Conference Paper}
}

@misc{mars,
   author = {B. E. Tweddle and J. McClellan and G. Vulikh and J. Francis and D.W. Miller},
   title = {Relative Vision Based Navigation and Control for the {M}ars Sample Return Mission: Capturing the {O}rbiting {S}ample},
   month = {May 18-20, 2011},
   url = {http://ssl.mit.edu/spheres/library/tweddle_MOSR_SFFMT_2011.pdf},
   year = {May 2011},
   type = {Conference Paper}
}

@inproceedings{Vertigo1,
   author = {Brent E. Tweddle and Elias Muggler and Alvar Saenz-Otero and David W. Miller},
   title = {The {SPHERES VERTIGO G}oggles: Vision Based Mapping and Localization Onboard the {I}nternational {S}pace {S}tation},
   booktitle = {Proceedings of i-SAIRAS (International Symposium on Artificial Intelligence, Robotics and Automation in Space)},
   url = {http://ssl.mit.edu/spheres/library/tweddle-isairas12.pdf},
   year = {2012},
   type = {Conference Proceedings}
}

@misc{Vertigo2,
   author = {Dehann Fourie and Brent E. Tweddle and Steve Ulrich and Alvar Saenz-Otero},
   title = {Vision-Based Relative Navigation and Control for Autonomous Spacecraft Inspection of an Unknown Object},
   number = {AIAA 2013-4759},
   month = {August 19-22, 2013},
   year = {2013},
   type = {Conference Paper}
}

@article{Vertigo3,
   author = {Dehann Fourie and Brent E. Tweddle and Steve Ulrich and Alvar Saenz-Otero},
   title = {Flight Results of Vision-Based Navigation for Autonomous Spacecraft Inspection of Unknown Objects},
   journal = {Journal of Spacecraft and Rockets},
   volume = {51},
   number = {6},
   pages = {10},
   DOI = {10.2514/1.A32813},
   year = {2014},
   type = {Journal Article}
}

@misc{Aercam,
   author = {Dismukes, Kim},
   title = {{AERC}am {S}print},
   volume = {2015},
   number = {01/06/2015},
   url = {http://spaceflight.nasa.gov/station/assembly/sprint/},
   year = {2003},
   type = {Web Page}
}

@misc{SPHERES_form,
   author = {Edmund M. Kong and Alvar Saenz-Otero and Simon Nolet and Dustin S. Berkovitz and David W. Miller},
   title = {{SPHERES} as a Formation Flight Algorithm Development and Validation Testbed: Current Progress and Beyond},
   volume = {2015},
   number = {01/13/2015},
   url = {http://ssl.mit.edu/spheres/library/SPHERESFFPaper72.pdf},
   year = {2004},
   type = {Web Page}
}

@inproceedings{SPHERES_micro,
   author = {Fejzic, Amer},
   title = {Results of {SPHERES} Microgravity Autonomous Docking Experiments in the Presence of Anomalies},
   booktitle = {Proceeding of the 59th IAC (International Astronautical Congress)},
   url = {http://ssl.mit.edu/spheres/library/IAC_2008_AmerFejzic.pdf},
   year = {2008},
   type = {Conference Proceedings}
}

@misc{SPHERES,
   author = {Kramer, Herbert J.},
   title = {{ISS} Utilization: {SPHERES} ({S}ynchronized {P}osition {H}old {E}ngage {R}eorient {E}xperiment {S}atellites)},
   volume = {2015},
   number = {01/10/2015},
   url = {https://directory.eoportal.org/web/eoportal/satellite-missions/i/iss-spheres},
   year = {2002},
   type = {Web Page}
}

@misc{MiniAercam2,
   author = {Steven E. Frederickson and Steve Duran and Jennifer D. Mitchell},
   title = {Mini {AERC}am Inspection Robot for Human Space Missions},
   number = {AIAA 2004-5843},
   month = {28-30 Sept. 2004},
   year = {2004},
   type = {Conference Paper}
}

@misc{Tango,
   author = {Williams, Martyn},
   title = {Google's {P}roject {T}ango headed to {I}nternational {S}pace {S}tation},
   volume = {2015},
   number = {01/10/2015},
   url = {http://www.cio.com/article/2377746/smartphones/google-s-project-tango-headed-to-international-space-station.html},
   year = {2014},
   type = {Web Page}
}

@misc{EDGE,
   author={NASA},
   title={Enhanced Graphics Tools for Advanced 3{D} Simulations},
   url={http://www.nasa.gov/centers/johnson/techtransfer/technology/MSC-24663-1-doug-edge.html},
   year={2015}
}

@misc{opencv,
   author={Opencv.org},
   title={OpenCV},
   url={http://opencv.org},
   year={2015}
}

@misc{cw_eqs,
   author={Ocampo},
   title={Clohessy-{W}iltshire equations},
   publisher={University of Texas at Austin},
   url={http://courses.ae.utexas.edu/ase366k/cw_equations.pdf},
   year={2015}
}

@misc{lens,
   author={Fujinon},
   title={Fujinon YF2.8A-2 Wide Angle 2.8mm f/1.3 CCTV Lens with Manual Iris and Focus, for 1/3-Inch and 1/4-Inch CCD Cameras with CS-Mount },
   url={http://www.bhphotovideo.com/c/product/404186-REG/Fujinon_YF28A2_YF2_8A_2_Wide_Angle_2_8.html},
   year={2015},
   type={Web Page}
}

@misc{Phoenix,
   author = {Darpa.mil},
   title = {Developing Technologies for More Flexible, Cost-Effective Satellite Operations in GEO},
   url = {http://www.darpa.mil/Our_Work/TTO/Programs/Phoenix.aspx},
   year = {2015},
   type = {Web Page}
}

@misc{CubeSat,
   author = {R. Nugent and R. Munakata and A. Chin and R. Coelho and Dr. Jordi Puig-Suari},
   title = { The CubeSat: The Picosatellite Standard for Research and Education},
   url = {http://gwww.cubesat.org/images/More_Papers/cps2008.pdf},
   year = {2008},
   type = {Conference Paper}
}

@misc{Docking,
   author = {Michael Machula and Gurpartap Sandhoo},
   title = {Rendezvous and Docking for Space Exploration},
   number = {AIAA 2005-2716},
   month = {January 30 - Februrary 1, 2005},
   year = {2005},
   type = {Conference Paper}
}

@misc{Debris,
   author = {Felix Hoots and Thomas F. Starchville, Jr.},
   title = {Debris Risk Assesment Process},
   number = {AIAA 2008-6269},
   month = {August 18-21, 2008},
   year = {2008},
   type = {Conference Paper}
}

@misc{Risk,
   author = {Thomas Guay, Joel Williamsen},
   title = {International space station - Quantifying and reducing risk following orbital debris penetration},
   number = {AIAA 96-4240},
   month = {September 24-26, 1996, 2008},
   year = {1996},
   type = {Conference Paper}
}

@misc{Ammonia,
   author = {NASA.gov},
   title = {Astronauts Complete Spacewalk to Repair Ammonia Leak, Station Changes Command},
   url = {http://www.nasa.gov/mission_pages/station/expeditions/expedition35/e35_051113_eva.html},
   year = {2013},
   type = {Web Page}
}
